@article{etienne2012diversity,
  title={Diversity-dependence brings molecular phylogenies closer to agreement with the fossil record},
  author={Etienne, Rampal S and Haegeman, Bart and Stadler, Tanja and Aze, Tracy and Pearson, Paul N and Purvis, Andy and Phillimore, Albert B},
  journal={Proceedings of the Royal Society B: Biological Sciences},
  volume={279},
  number={1732},
  pages={1300--1309},
  year={2011},
  publisher={The Royal Society}
}

@article{etienne2012conceptual,
  title={A conceptual and statistical framework for adaptive radiations with a key role for diversity dependence},
  author={Etienne, Rampal S and Haegeman, Bart},
  journal={The American Naturalist},
  volume={180},
  number={4},
  pages={E75--E89},
  year={2012},
  publisher={University of Chicago Press Chicago, IL}
}

@article{nee1994reconstructed,
  title={The reconstructed evolutionary process},
  author={Nee, Sean and May, Robert Mccredie and Harvey, Paul H},
  journal={Philosophical Transactions of the Royal Society B: Biological Sciences},
  volume={344},
  number={1309},
  pages={305--311},
  year={1994},
  publisher={The Royal Society}
}

@article{rabosky2014bamm,
  title={Automatic detection of key innovations, rate shifts, and diversity-dependence on phylogenetic trees},
  author={Rabosky, Daniel L},
  journal={PloS ONE},
  volume={9},
  number={2},
  pages={e89543},
  year={2014},
  publisher={Public Library of Science}
}

@article{rabosky2017flawed,
author = {Rabosky, Daniel L. and Mitchell, Jonathan S. and Chang, Jonathan},
title = {Is {BAMM} Flawed? {Theoretical} and Practical Concerns in the Analysis of Multi-Rate Diversification Models},
journal = {Systematic Biology},
volume = {66},
number = {4},
pages = {477-498},
year = {2017},
doi = {10.1093/sysbio/syx037},
URL = {http://dx.doi.org/10.1093/sysbio/syx037},
eprint = {/oup/backfile/content_public/journal/sysbio/66/4/10.1093_sysbio_syx037/4/syx037.pdf}
}

% different regimes in adaptive radiations
@article{liem1973evolutionary,
  title={Evolutionary strategies and morphological innovations: cichlid pharyngeal jaws},
  author={Liem, Karel F},
  journal={Systematic Zoology},
  volume={22},
  number={4},
  pages={425--441},
  year={1973},
  publisher={Society of Systematic Zoology}
}

@article{mitter1988phylogenetic,
  title={The phylogenetic study of adaptive zones: has phytophagy promoted insect diversification?},
  author={Mitter, Charles and Farrell, Brian and Wiegmann, Brian},
  journal={The American Naturalist},
  volume={132},
  number={1},
  pages={107--128},
  year={1988},
  publisher={University of Chicago Press}
}

@article{slowinski1993testing,
  title={Testing whether certain traits have caused amplified diversification: an improved method  based on a model of random speciation and extinction},
  author={Slowinski, Joseph B and Guyer, Craig},
  journal={The American Naturalist},
  volume={142},
  number={6},
  pages={1019--1024},
  year={1993},
  publisher={University of Chicago Press}
}

@book{schluter2000ecology,
  title={The Ecology of Adaptive Radiation},
  author={Schluter, Dolph},
  year={2000},
  publisher={Oxford University Press}
}

@article{blount2008historical,
  title={Historical contingency and the evolution of a key innovation in an experimental population of {Escherichia} coli},
  author={Blount, Zachary D and Borland, Christina Z and Lenski, Richard E},
  journal={Proceedings of the National Academy of Sciences},
  volume={105},
  number={23},
  pages={7899--7906},
  year={2008},
  publisher={National Acad Sciences}
}

@article{blount2012genomic,
  title={Genomic analysis of a key innovation in an experimental Escherichia coli population},
  author={Blount, Zachary D and Barrick, Jeffrey E and Davidson, Carla J and Lenski, Richard E},
  journal={Nature},
  volume={489},
  number={7417},
  pages={513},
  year={2012},
  publisher={Nature Publishing Group}
}

@article{yoder2010ecological,
  title={Ecological opportunity and the origin of adaptive radiations},
  author={Yoder, JB and Clancey, E and Des Roches, S and Eastman, JM and Gentry, L and Godsoe, W and Hagey, TJ and Jochimsen, D and Oswald, BP and Robertson, J and others},
  journal={Journal of Evolutionary Biology},
  volume={23},
  number={8},
  pages={1581--1596},
  year={2010},
  publisher={Wiley Online Library}
}

%SSE models
@article{maddison2007estimating,
  title={Estimating a binary character's effect on speciation and extinction},
  author={Maddison, Wayne P and Midford, Peter E and Otto, Sarah P},
  journal={Systematic Biology},
  volume={56},
  number={5},
  pages={701--710},
  year={2007},
  publisher={Society of Systematic Zoology}
}

@article{fitzjohn2010quantitative,
  title={Quantitative traits and diversification},
  author={FitzJohn, Richard G},
  journal={Systematic Biology},
  volume={59},
  number={6},
  pages={619--633},
  year={2010},
  publisher={Oxford University Press}
}

@article{fitzjohn2012diversitree,
  title={Diversitree: comparative phylogenetic analyses of diversification in {R}},
  author={FitzJohn, Richard G},
  journal={Methods in Ecology and Evolution},
  volume={3},
  number={6},
  pages={1084--1092},
  year={2012},
  publisher={Wiley Online Library}
}

%traits and diversification
@article{dodd1999phylogenetic,
  title={Phylogenetic analysis of trait evolution and species diversity variation among angiosperm families},
  author={Dodd, Michael E and Silvertown, Jonathan and Chase, Mark W},
  journal={Evolution},
  volume={53},
  number={3},
  pages={732--744},
  year={1999},
  publisher={Wiley Online Library}
}

%ecological opportunity and diversification
@article{mahler2010ecological,
  title={Ecological opportunity and the rate of morphological evolution in the diversification of {Greater} {Antillean} anoles},
  author={Mahler, D Luke and Revell, Liam J and Glor, Richard E and Losos, Jonathan B},
  journal={Evolution},
  volume={64},
  number={9},
  pages={2731--2745},
  year={2010},
  publisher={Wiley Online Library}
}

@article{wellborn2015ecological,
  title={Ecological opportunity and the adaptive diversification of lineages},
  author={Wellborn, Gary A and Langerhans, R Brian},
  journal={Ecology and Evolution},
  volume={5},
  number={1},
  pages={176--195},
  year={2015},
  publisher={Wiley Online Library}
}

%BAMM and MEDUSA
@article{rabosky2014automatic,
  title={Automatic detection of key innovations, rate shifts, and diversity-dependence on phylogenetic trees},
  author={Rabosky, Daniel L},
  journal={PloS ONE},
  volume={9},
  number={2},
  pages={e89543},
  year={2014},
  publisher={Public Library of Science}
}

@article{alfaro2009nine,
  title={Nine exceptional radiations plus high turnover explain species diversity in jawed vertebrates},
  author={Alfaro, Michael E and Santini, Francesco and Brock, Chad and Alamillo, Hugo and Dornburg, Alex and Rabosky, Daniel L and Carnevale, Giorgio and Harmon, Luke J},
  journal={Proceedings of the National Academy of Sciences},
  volume={106},
  number={32},
  pages={13410--13414},
  year={2009},
  publisher={National Acad Sciences}
}

@article{stadler2012can,
  title={How can we improve accuracy of macroevolutionary rate estimates?},
  author={Stadler, Tanja},
  journal={Systematic Biology},
  volume={62},
  number={2},
  pages={321--329},
  year={2012},
  publisher={Oxford University Press}
}

@article{moore2016critically,
  title={Critically evaluating the theory and performance of {Bayesian} analysis of macroevolutionary mixtures},
  author={Moore, Brian R and H{\"o}hna, Sebastian and May, Michael R and Rannala, Bruce and Huelsenbeck, John P},
  journal={Proceedings of the National Academy of Sciences},
  volume={113},
  number={34},
  pages={9569--9574},
  year={2016},
  publisher={National Acad Sciences}
}

@article{stadler2011mammalian,
  title={Mammalian phylogeny reveals recent diversification rate shifts},
  author={Stadler, Tanja},
  journal={Proceedings of the National Academy of Sciences},
  volume={108},
  number={15},
  pages={6187--6192},
  year={2011},
  publisher={National Acad Sciences}
}

@article{rabosky2007exceptional,
  title={Exceptional among-lineage variation in diversification rates during the radiation of Australia's most diverse vertebrate clade},
  author={Rabosky, Daniel L and Donnellan, Stephen C and Talaba, Amanda L and Lovette, Irby J},
  journal={Proceedings of the Royal Society B: Biological Sciences},
  volume={274},
  number={1628},
  pages={2915--2923},
  year={2007},
  publisher={The Royal Society London}
}

@book{simpson1944tempo,
  title={Tempo and Mode in Evolution},
  author={Simpson, George Gaylord},
  year={1944},
  publisher={Columbia University Press}
}

@book{simpson1955major,
  title={Major Features of Evolution},
  author={Simpson, George Gaylord},
  year={1955},
  publisher={Columbia University Press}
}

@article{hunter1998key,
  title={Key innovations and the ecology of macroevolution},
  author={Hunter, John P},
  journal={Trends in Ecology \& Evolution},
  volume={13},
  number={1},
  pages={31--36},
  year={1998},
  publisher={Elsevier}
}

@article{mitchell2018inferring,
  title={Inferring diversification rate variation from phylogenies with fossils},
  author={Mitchell, Jonathan S and Etienne, Rampal S and Rabosky, Daniel L},
  journal={Systematic Biology},
  volume={68},
  number={1},
  pages={1--18},
  year={2018},
  publisher={Oxford University Press}
}

@article{stadler2010sampling,
  title={Sampling-through-time in birth--death trees},
  author={Stadler, Tanja},
  journal={Journal of Theoretical Biology},
  volume={267},
  number={3},
  pages={396--404},
  year={2010},
  publisher={Elsevier}
}

@article{may2016well,
  title={How well can we detect lineage-specific diversification-rate shifts? {A} simulation study of sequential {AIC} methods},
  author={May, Michael R and Moore, Brian R},
  journal={Systematic Biology},
  volume={65},
  number={6},
  pages={1076--1084},
  year={2016},
  publisher={Oxford University Press}
}

@Manual{DDD,
  title = {DDD: Diversity-Dependent Diversification},
  author = {Etienne, Rampal S. and Haegeman, Bart},
  year = {2019},
  note = {R package version 4.1},
  url = {https://CRAN.R-project.org/package=DDD},
}

@article{herrera2018detecting,
  title={Detecting the dependence of diversification on multiple traits from phylogenetic trees and trait data},
  author={Herrera-Alsina, Leonel and van Els, Paul and Etienne, Rampal S},
  journal={Systematic Biology},
  volume={68},
  number={2},
  pages={317--328},
  year={2018},
  publisher={Oxford University Press}
}

@article{beaulieu2016detecting,
  title={Detecting hidden diversification shifts in models of trait-dependent speciation and extinction},
  author={Beaulieu, Jeremy M and O'Meara, Brian C},
  journal={Systematic Biology},
  volume={65},
  number={4},
  pages={583--601},
  year={2016},
  publisher={Oxford University Press}
}

@article{heard1995key,
  title={Key evolutionary innovations and their ecological mechanisms},
  author={Heard, Stephen B and Hauser, David L},
  journal={Historical Biology},
  volume={10},
  number={2},
  pages={151--173},
  year={1995},
  publisher={Taylor \& Francis}
}

@article{barido2018multi,
  title={A multi-state birth-death model for {Bayesian} inference of lineage-specific birth and death rates},
  author={Barido-Sottani, Joelle and Vaughan, Timothy G and Stadler, Tanja},
  journal={bioRxiv},
  volume={440982},
  year={2018},
  publisher={Cold Spring Harbor Laboratory}
}

@article{hoehna2019bayesian,
  title={A {Bayesian} approach for estimating branch-specific speciation and extinction rates},
  author={Hoehna, Sebastian and Freyman, William A and Nolen, Zachary and Huelsenbeck, John and May, Michael R and Moore, Brian R},
  journal={bioRxiv},
  volume={555805},
  year={2019},
  publisher={Cold Spring Harbor Laboratory}
}

@article{morlon2011pnas,
  title={Reconciling molecular phylogenies with the fossil record},
  author={Morlon, Helen and Parsons, T L and Plotkin, J B},
  journal={Proceedings of the National Academy of Sciences},
  volume={108},
  pages={16327-16332},
  year={2011},
  publisher={National Academies}
}

@article{morlon2016rpanda,
  title={{RPANDA}: an {R} package for macroevolutionary analyses on phylogenetic trees},
  author={Morlon, Helen and Lewitus, Eric and Condamine, Fabien L and Manceau, Marc and Clavel, Julien and Drury, Jonathan},
  journal={Methods in Ecology and Evolution},
  volumes={7},
  pages={589-597},
  year={2016},
  publisher={British Ecological Society}
}

@article{maliet2019clads,
  title={A model with many small shifts for estimating species-specific diversification rates},
  author={Maliet, Odile and Hartig, Florian and Morlon, Helene},
  journal={Nature Ecology \& Evolution},
  doi={10.1038/s41559-019-0908-0},
  year={2019},
  publisher={Nature Publishing Group}
}

@article{title2019mee,
  title={Tip rates, phylogenies and diversification: What are we estimating, and how good are the estimates?},
  author={Title, Pascal O and Rabosky, Daniel L},
  journal={Methods in Ecology and Evolution},
  doi={10.1111/2041-210X.13153},
  year={2019},
  publisher={British Ecological Society}
}

@article{weir2016kiwi,
  title={Explosive ice age diversification of kiwi},
  author={Weir, J. T. and Haddrath, O. and Robertson, H. A. and Colbourne, R. M. and Baker, A. J. },
  journal={Proceedings of the National Academy of Sciences},
  volume={113},
  number={38},
  pages={E5580-E5587},
  year={2016}
}

@article{Chaves2011DiversificationIA,
  title={Diversification in {Adelomyia} hummingbirds follows {Andean} uplift},
  author={J. Avelino Chaves and Jason T. Weir and Thomas Bates Smith},
  journal={Molecular ecology},
  year={2011},
  volume={20},
  pages={4564-76}
}

@article{Laudanno2019additional,
	title = {Additional analytical support for a new method to compute the likelihood of diversification models},
	author = {Laudanno, Giovanni and Haegeman, Bart and Etienne, Rampal S},
	journal = {bioRxiv},
	volume = {693176},
	year = {2019},
	publisher = {Cold Spring Harbor Laboratory}
}
